@ARTICLE{1,
  author = {Matthew Kay，Tara Kola, Jessica R. Hullman, Sean A. Munson },
  title = {When (ish) is My Bus? User-centered Visualizations of Uncertainty in Everyday, Mobile Predictive Systems},
  journal = {CHI '16 Proceedings of the 2016 CHI Conference on Human Factors in Computing Systems},
  year = {2016},
  pages = {5092--5103}
}

@article{2,
  title={Shanghai Metro Flow - Multiple perspectives into a subway system},
  author={Till Nagel, Benedikt Groß},
  journal={VISAP'14: Art+Interpretation, Paris, France},
  year={2014},
  publisher={IEEE VIS 2014 Arts Program}
}

@article{3,
	title={A Survey of Traffic Data Visualization},
	author={Wei Chen, Fangzhou Guo, Fei-Yue Wang},
	journal={IEEE TRANSACTIONS ON INTELLIGENT TRANSPORTATION SYSTEMS},
	year={2014}
}

@article{4,
	title={Visual Traffic Jam Analysis Based on Trajectory Data},
	author={Zuchao Wang, Min Lu, Xiaoru Yuan, Junping Zhang, Huub van de Wetering},
	journal={IEEE TRANSACTIONS ON VISUALIZATION AND COMPUTER GRAPHICS},
	year={2013}
}

@article{5,
	title={T-Watcher: A New Visual Analytic System for Effective Traffic Surveillance},
	author={Jiansu Pu, Siyuan Liu, Ye Ding, Lionel Ni},
	journal={IEEE 14th International Conference on Mobile Data Management},
	year={2013}
}

@article{6,
	title={Traffic Origins: A Simple Visualization Technique to Support Traffic Incident Analysis},
	author={Afian Anwar, Till Nagel, Carlo Ratti},
	journal={IEEE Pacific Visualization Symposium},
	year={2014}
}

@article{7,
	title={Touching Transport - A Case Study on Visualizing Metropolitan Public Transit on Interactive Tabletops},
	author={Till Nagel, Martina Maitan, Erik Duval, Andrew Vande Moere, Joris Klerkx2, Kristian Kloeckl, Carlo Ratti},
	journal={AVI '14 Proceedings of the 2014 International Working Conference on Advanced Visual Interfaces},
	year={2014}
}

@article{8,
	title={Touching Transport - A Case Study on Visualizing Metropolitan Public Transit on Interactive Tabletops},
	author={Till Nagel, Martina Maitan, Erik Duval, Andrew Vande Moere, Joris Klerkx2, Kristian Kloeckl, Carlo Ratti},
	journal={AVI '14 Proceedings of the 2014 International Working Conference on Advanced Visual Interfaces},
	year={2014}
}
