@article{robertson2008effectiveness,
  title={Effectiveness of animation in trend visualization},
  author={Robertson, George and Fernandez, Roland and Fisher, Danyel and Lee, Bongshin and Stasko, John},
  journal={IEEE transactions on visualization and computer graphics},
  volume={14},
  number={6},
  pages={1325--1332},
  year={2008},
  publisher={IEEE}
}

@article{ruginski2016non,
  title={Non-expert interpretations of hurricane forecast uncertainty visualizations},
  author={Ruginski, Ian T and Boone, Alexander P and Padilla, Lace M and Liu, Le and Heydari, Nahal and Kramer, Heidi S and Hegarty, Mary and Thompson, William B and House, Donald H and Creem-Regehr, Sarah H},
  journal={Spatial Cognition \& Computation},
  volume={16},
  number={2},
  pages={154--172},
  year={2016},
  publisher={Taylor \& Francis}
}

@article{segel2010narrative,
  title={Narrative visualization: Telling stories with data},
  author={Segel, Edward and Heer, Jeffrey},
  journal={IEEE transactions on visualization and computer graphics},
  volume={16},
  number={6},
  pages={1139--1148},
  year={2010},
  publisher={IEEE}
}

@article{dibiase1992animation,
  title={Animation and the role of map design in scientific visualization},
  author={DiBiase, David and MacEachren, Alan M and Krygier, John B and Reeves, Catherine},
  journal={Cartography and geographic information systems},
  volume={19},
  number={4},
  pages={201--214},
  year={1992},
  publisher={Taylor \& Francis}
}

@inproceedings{ward1994xmdvtool,
  title={Xmdvtool: Integrating multiple methods for visualizing multivariate data},
  author={Ward, Matthew O},
  booktitle={Proceedings of the Conference on Visualization'94},
  pages={326--333},
  year={1994},
  organization={IEEE Computer Society Press}
}

@inproceedings{healey1996choosing,
  title={Choosing effective colours for data visualization},
  author={Healey, Christopher G},
  booktitle={Proceedings of Seventh Annual IEEE Visualization'96},
  pages={263--270},
  year={1996},
  organization={IEEE}
}

@article{yazdani2005hurricane,
  title={Hurricane wind shelter retrofit room guidelines for existing houses},
  author={Yazdani, Nur and Townsend, Tanya and Kilcollins, Danny},
  journal={Practice Periodical on Structural Design and Construction},
  volume={10},
  number={4},
  pages={246--252},
  year={2005},
  publisher={American Society of Civil Engineers}
}

@article{urbina2003national,
  title={National review of hurricane evacuation plans and policies: a comparison and contrast of state practices},
  author={Urbina, Elba and Wolshon, Brian},
  journal={Transportation research part A: policy and practice},
  volume={37},
  number={3},
  pages={257--275},
  year={2003},
  publisher={Elsevier}
}

@article{landsea2013atlantic,
  title={Atlantic hurricane database uncertainty and presentation of a new database format},
  author={Landsea, Christopher W and Franklin, James L},
  journal={Monthly Weather Review},
  volume={141},
  number={10},
  pages={3576--3592},
  year={2013}
}

@inproceedings{bathon2006hurricane,
  title={Hurricane proof buildings-an innovative solution using prefabricated modular wood-concrete-composite elements},
  author={Bathon, L and Bletz, Oliver and Schmidt, Jens},
  booktitle={Proc. 9th World Conference on Timber Engineering},
  pages={6--10},
  year={2006}
}

@article{koks2015combining,
  title={Combining hazard, exposure and social vulnerability to provide lessons for flood risk management},
  author={Koks, Elco E and Jongman, Brenden and Husby, Trond G and Botzen, Wouter JW},
  journal={Environmental Science \& Policy},
  volume={47},
  pages={42--52},
  year={2015},
  publisher={Elsevier}
}

@article{blake2011deadliest,
  title={The deadliest, costliest, and most intense United States tropical cyclones from 1851 to 2010 (and other frequently requested hurricane facts)},
  author={Blake, Eric S and Landsea, Chris and Gibney, Ethan J},
  year={2011}
}

@article{wang2008importance,
  title={Importance-driven time-varying data visualization},
  author={Wang, Chaoli and Yu, Hongfeng and Ma, Kwan-Liu},
  journal={IEEE Transactions on Visualization and Computer Graphics},
  volume={14},
  number={6},
  pages={1547--1554},
  year={2008},
  publisher={IEEE}
}

@article{knutson2008simulated,
  title={Simulated reduction in Atlantic hurricane frequency under twenty-first-century warming conditions},
  author={Knutson, Thomas R and Sirutis, Joseph J and Garner, Stephen T and Vecchi, Gabriel A and Held, Isaac M},
  journal={Nature Geoscience},
  volume={1},
  number={6},
  pages={359},
  year={2008},
  publisher={Nature Publishing Group}
}