@article{bostock2011d3,
	title={D$^3$ data-driven documents},
	author={Bostock, Michael and Ogievetsky, Vadim and Heer, Jeffrey},
	journal={IEEE transactions on visualization and computer graphics},
	volume={17},
	number={12},
	pages={2301--2309},
	year={2011},
	publisher={IEEE}
}

@article{zhu2012introducing,
	title={Introducing google chart tools and google maps api in data visualization courses},
	author={Zhu, Ying},
	journal={IEEE computer graphics and applications},
	volume={32},
	number={6},
	pages={6--9},
	year={2012},
	publisher={IEEE}
}

@article{esteban2014lived,
	title={Lived experience, funds of identity and education},
	author={Esteban-Guitart, Moises and Moll, Luis C},
	journal={Culture \& Psychology},
	volume={20},
	number={1},
	pages={70--81},
	year={2014},
	publisher={Sage Publications Sage UK: London, England}
}

@article{chen2000determinants,
	title={Determinants of economic growth in China: Private enterprise, education, and openness},
	author={Chen, Baizhu and Feng, Yi},
	journal={China Economic Review},
	volume={11},
	number={1},
	pages={1--15},
	year={2000},
	publisher={Elsevier}
}

@article{yu1977exploratory,
	title={Exploratory data analysis},
	author={Yu, Chong Ho},
	journal={Methods},
	volume={2},
	pages={131--160},
	year={1977}
}

@article{pedregosa2011scikit,
	title={Scikit-learn: Machine learning in Python},
	author={Pedregosa, Fabian and Varoquaux, Ga{\"e}l and Gramfort, Alexandre and Michel, Vincent and Thirion, Bertrand and Grisel, Olivier and Blondel, Mathieu and Prettenhofer, Peter and Weiss, Ron and Dubourg, Vincent and others},
	journal={Journal of machine learning research},
	volume={12},
	number={Oct},
	pages={2825--2830},
	year={2011}
}

@incollection{dougherty1995supervised,
	title={Supervised and unsupervised discretization of continuous features},
	author={Dougherty, James and Kohavi, Ron and Sahami, Mehran},
	booktitle={Machine Learning Proceedings 1995},
	pages={194--202},
	year={1995},
	publisher={Elsevier}
}

@article{rong2001inequality,
	title={Inequality in Chinese education},
	author={Rong, Xue Lan and Shi, Tianjian},
	journal={Journal of Contemporary China},
	volume={10},
	number={26},
	pages={107--124},
	year={2001},
	publisher={Taylor \& Francis}
}

@misc{du20043,
	title={3-D map data visualization},
	author={Du, Mike},
	year={2004},
	month=dec # "~28",
	publisher={Google Patents},
	note={US Patent 6,836,270}
}

@book{zhu2013data,
	title={Data visualization with D3. js cookbook},
	author={Zhu, Nick Qi},
	year={2013},
	publisher={Packt Publishing Ltd}
}

@inproceedings{satyanarayan2014declarative,
	title={Declarative interaction design for data visualization},
	author={Satyanarayan, Arvind and Wongsuphasawat, Kanit and Heer, Jeffrey},
	booktitle={Proceedings of the 27th annual ACM symposium on User interface software and technology},
	pages={669--678},
	year={2014},
	organization={ACM}
}

@inproceedings{bao2014visual,
	title={Visual framework for big data in d3. js},
	author={Bao, Fan and Chen, Jia},
	booktitle={2014 IEEE Workshop on Electronics, Computer and Applications},
	pages={47--50},
	year={2014},
	organization={IEEE}
}

@inproceedings{graves2013visualization,
	title={Visualization tools for open government data},
	author={Graves, Alvaro and Hendler, James},
	booktitle={Proceedings of the 14th Annual International Conference on Digital Government Research},
	pages={136--145},
	year={2013},
	organization={ACM}
}

@inproceedings{harper2014deconstructing,
	title={Deconstructing and restyling D3 visualizations},
	author={Harper, Jonathan and Agrawala, Maneesh},
	booktitle={Proceedings of the 27th annual ACM symposium on User interface software and technology},
	pages={253--262},
	year={2014},
	organization={ACM}
}

@article{zastrow2015data,
	title={Data visualization: Science on the map},
	author={Zastrow, Mark},
	journal={Nature News},
	volume={519},
	number={7541},
	pages={119},
	year={2015}
}

@article{tsang1996financial,
	title={Financial reform of basic education in China},
	author={Tsang, Mun C},
	journal={Economics of Education Review},
	volume={15},
	number={4},
	pages={423--444},
	year={1996},
	publisher={Elsevier}
}

@inproceedings{healey1996choosing,
	title={Choosing effective colours for data visualization},
	author={Healey, Christopher G},
	booktitle={Proceedings of Seventh Annual IEEE Visualization'96},
	pages={263--270},
	year={1996},
	organization={IEEE}
}

@article{wang2008importance,
	title={Importance-driven time-varying data visualization},
	author={Wang, Chaoli and Yu, Hongfeng and Ma, Kwan-Liu},
	journal={IEEE Transactions on Visualization and Computer Graphics},
	volume={14},
	number={6},
	pages={1547--1554},
	year={2008},
	publisher={IEEE}
}

@article{dibiase1992animation,
	title={Animation and the role of map design in scientific visualization},
	author={DiBiase, David and MacEachren, Alan M and Krygier, John B and Reeves, Catherine},
	journal={Cartography and geographic information systems},
	volume={19},
	number={4},
	pages={201--214},
	year={1992},
	publisher={Taylor \& Francis}
}