% done
@article{bauer2009does,
  title={Does Stevens’s power law for brightness extend to perceptual brightness averaging?},
  author={Bauer, Ben},
  journal={The Psychological Record},
  volume={59},
  number={2},
  pages={171--185},
  year={2009},
  publisher={Springer}
}

% done
@article{chevalier2014not,
  title={The not-so-staggering effect of staggered animated transitions on visual tracking},
  author={Chevalier, Fanny and Dragicevic, Pierre and Franconeri, Steven},
  journal={IEEE transactions on visualization and computer graphics},
  volume={20},
  number={12},
  pages={2241--2250},
  year={2014},
  publisher={IEEE}
}

% done
@inproceedings{heer2010crowdsourcing,
  title={Crowdsourcing graphical perception: using mechanical turk to assess visualization design},
  author={Heer, Jeffrey and Bostock, Michael},
  booktitle={Proceedings of the SIGCHI conference on human factors in computing systems},
  pages={203--212},
  year={2010},
  organization={ACM}
}

% done
@article{rensink2000seeing,
  title={Seeing, sensing, and scrutinizing},
  author={Rensink, Ronald A},
  journal={Vision research},
  volume={40},
  number={10-12},
  pages={1469--1487},
  year={2000},
  publisher={Elsevier}
}

% done
@article{stevens1956direct,
  title={The direct estimation of sensory magnitudes: Loudness},
  author={Stevens, Stanley Smith},
  journal={The American journal of psychology},
  volume={69},
  number={1},
  pages={1--25},
  year={1956},
  publisher={JSTOR}
}

% done
@article{bernasconi2016we,
  title={What are we estimating when we fit Stevens’ power law?},
  author={Bernasconi, Michele and Seri, Raffaello},
  journal={Journal of Mathematical Psychology},
  volume={75},
  pages={137--149},
  year={2016},
  publisher={Elsevier}
}

% done
@inproceedings{bolton2008modeling,
  title={Modeling human perception Could Stevens' Power Law be an emergent feature?},
  author={Bolton, Matthew L},
  booktitle={2008 IEEE International Conference on Systems, Man and Cybernetics},
  pages={1073--1078},
  year={2008},
  organization={IEEE}
}

% done
@article{robertson2008effectiveness,
  title={Effectiveness of animation in trend visualization},
  author={Robertson, George and Fernandez, Roland and Fisher, Danyel and Lee, Bongshin and Stasko, John},
  journal={IEEE transactions on visualization and computer graphics},
  volume={14},
  number={6},
  pages={1325--1332},
  year={2008},
  publisher={IEEE}
}

% done
@article{rensink2002change,
  title={Change detection},
  author={Rensink, Ronald A},
  journal={Annual review of psychology},
  volume={53},
  number={1},
  pages={245--277},
  year={2002},
  publisher={Annual Reviews 4139 El Camino Way, PO Box 10139, Palo Alto, CA 94303-0139, USA}
}

% done
@article{stevens1964concerning,
  title={Concerning the psychophysical power law},
  author={Stevens, SS},
  journal={Quarterly Journal of Experimental Psychology},
  volume={16},
  number={4},
  pages={383--385},
  year={1964},
  publisher={Taylor \& Francis}
}

% done
@article{teghtsoonian1971exponents,
  title={On the exponents in Stevens' law and the constant in Ekman's law.},
  author={Teghtsoonian, Robert},
  year={1971},
  publisher={American Psychological Association}
}

% done
@article{ericEJ982771,
author = "Hoekstra, Rink and Johnson, Addie and Kiers, Henk A. L.",
issn = "0013-1644",
journal = "Educational and Psychological Measurement",
keywords = "Computation; Statistical Analysis; Hypothesis Testing; Statistical Significance; Statistical Inference; Probability; Replication (Evaluation); Statistics; Graduate Students; Data Interpretation; Effect Size; Foreign Countries",
language = "eng",
number = "6",
pages = "1039,1052",
publisher = "SAGE Publications. 2455 Teller Road, Thousand Oaks, CA 91320. Tel: 800-818-7243; Tel: 805-499-9774; Fax: 800-583-2665; e-mail: journals@sagepub.com; Web site: http://sagepub.com",
title = "Confidence Intervals Make a Difference: Effects of Showing Confidence Intervals on Inferential Reasoning",
volume = "72",
year = "2012-12"
}